%%
%% Physics
%%
%% Append new entries using David M. Straub's inspiretools (https://github.com/DavidMStraub/inspiretools).
%% Use
%%
%%   blgtobib manual/manual.blg >> manual/references-physics.bib
%%
@article{Amhis:2014hma,
      author         = "Amhis, Y. and others",
      title          = "{Averages of $b$-hadron, $c$-hadron, and $\tau$-lepton
                        properties as of summer 2014}",
      collaboration  = "Heavy Flavor Averaging Group (HFAG)",
      year           = "2014",
      eprint         = "1412.7515",
      archivePrefix  = "arXiv",
      primaryClass   = "hep-ex",
      reportNumber   = "FERMILAB-PUB-15-004-PPD",
      SLACcitation   = "%%CITATION = ARXIV:1412.7515;%%"
}


@article{Aoki:2013ldr,
      author         = "Aoki, Sinya and others",
      title          = "{Review of lattice results concerning low-energy particle
                        physics}",
      journal        = "Eur. Phys. J.",
      volume         = "C74",
      year           = "2014",
      pages          = "2890",
      doi            = "10.1140/epjc/s10052-014-2890-7",
      eprint         = "1310.8555",
      archivePrefix  = "arXiv",
      primaryClass   = "hep-lat",
      reportNumber   = "CP3-ORIGINS-2013-040-DNRF90, DIAS-2013-40,
                        FERMILAB-PUB-13-484-T, FTUAM-13-28, IFIC-13-76,
                        IFT-UAM-CSIC-13-106, MITP-13-067, YITP-13-114",
      SLACcitation   = "%%CITATION = ARXIV:1310.8555;%%"
}


@article{Bobeth:2003at,
      author         = "Bobeth, Christoph and Gambino, Paolo and Gorbahn, Martin
                        and Haisch, Ulrich",
      title          = "{Complete NNLO QCD analysis of $B \to X_s \ell^+ \ell^-$ and
                        higher order electroweak effects}",
      journal        = "JHEP",
      volume         = "0404",
      pages          = "071",
      doi            = "10.1088/1126-6708/2004/04/071",
      year           = "2004",
      eprint         = "hep-ph/0312090",
      archivePrefix  = "arXiv",
      primaryClass   = "hep-ph",
      reportNumber   = "CERN-TH-2003-260, TUM-HEP-532-03, FERMILAB-PUB-03-046-T,
                        UCSD-PTH-03-19, IPPP-03-77",
      SLACcitation   = "%%CITATION = HEP-PH/0312090;%%",
}


@article{Boer:2014kda,
      author         = "B{\"o}er, Philipp and Feldmann, Thorsten and van Dyk, Danny",
      title          = "{Angular Analysis of the Decay $\Lambda_b \to \Lambda
                        (\to N \pi) \ell^+\ell^-$}",
      journal        = "JHEP",
      volume         = "1501",
      pages          = "155",
      doi            = "10.1007/JHEP01(2015)155",
      year           = "2015",
      eprint         = "1410.2115",
      archivePrefix  = "arXiv",
      primaryClass   = "hep-ph",
      reportNumber   = "SI-HEP-2014-16, QFET-2014-11, EOS-2014-01",
      SLACcitation   = "%%CITATION = ARXIV:1410.2115;%%",
}


@article{Bourrely:2008za,
      author         = "Bourrely, Claude and Caprini, Irinel and Lellouch,
                        Laurent",
      title          = "{Model-independent description of $B \to \pi \ell \bar\nu$
                        decays and a determination of $|V_{ub}|$}",
      journal        = "Phys.Rev.",
      volume         = "D79",
      pages          = "013008",
      doi            = "10.1103/PhysRevD.82.099902, 10.1103/PhysRevD.79.013008",
      year           = "2009",
      eprint         = "0807.2722",
      archivePrefix  = "arXiv",
      primaryClass   = "hep-ph",
      reportNumber   = "CPT-P36-2007",
      SLACcitation   = "%%CITATION = ARXIV:0807.2722;%%",
}


@article{Buchalla:1995vs,
      author         = "Buchalla, Gerhard and Buras, Andrzej J. and Lautenbacher,
                        Markus E.",
      title          = "{Weak decays beyond leading logarithms}",
      journal        = "Rev.Mod.Phys.",
      volume         = "68",
      pages          = "1125-1144",
      doi            = "10.1103/RevModPhys.68.1125",
      year           = "1996",
      eprint         = "hep-ph/9512380",
      archivePrefix  = "arXiv",
      primaryClass   = "hep-ph",
      reportNumber   = "SLAC-PUB-7009, SLAC-PUB-95-7009, MPI-PH-95-104,
                        TUM-T31-100-95, FERMILAB-PUB-95-305-T",
      SLACcitation   = "%%CITATION = HEP-PH/9512380;%%",
}


@article{Buras:1998raa,
      author         = "Buras, Andrzej J.",
      title          = "{Weak Hamiltonian, CP violation and rare decays}",
      pages          = "281-539",
      year           = "1998",
      eprint         = "hep-ph/9806471",
      archivePrefix  = "arXiv",
      primaryClass   = "hep-ph",
      reportNumber   = "TUM-HEP-316-98",
      SLACcitation   = "%%CITATION = HEP-PH/9806471;%%",
}


@article{Chetyrkin:1996vx,
      author         = "Chetyrkin, Konstantin G. and Misiak, Mikolaj and Munz,
                        Manfred",
      title          = "{Weak radiative $B$ meson decay beyond leading logarithms}",
      journal        = "Phys.Lett.",
      volume         = "B400",
      pages          = "206-219",
      doi            = "10.1016/S0370-2693(97)00324-9",
      year           = "1997",
      eprint         = "hep-ph/9612313",
      archivePrefix  = "arXiv",
      primaryClass   = "hep-ph",
      reportNumber   = "ZU-TH-24-96, TUM-HEP-263-96, MPI-PHT-96-123",
      SLACcitation   = "%%CITATION = HEP-PH/9612313;%%",
}


@article{Chetyrkin:1997gb,
      author         = "Chetyrkin, Konstantin G. and Misiak, Mikolaj and Munz,
                        Manfred",
      title          = "{$|\Delta F| = 1$ nonleptonic effective Hamiltonian in a
                        simpler scheme}",
      journal        = "Nucl.Phys.",
      volume         = "B520",
      pages          = "279-297",
      doi            = "10.1016/S0550-3213(98)00131-X",
      year           = "1998",
      eprint         = "hep-ph/9711280",
      archivePrefix  = "arXiv",
      primaryClass   = "hep-ph",
      reportNumber   = "MPI-PHT-97-51, TTP-97-44, ZU-TH-17-97, TUM-HEP-285-97,
                        IFT-12-97",
      SLACcitation   = "%%CITATION = HEP-PH/9711280;%%",
}


@article{Huber:2005ig,
      author         = "Huber, Tobias and Lunghi, Enrico and Misiak, Mikolaj and
                        Wyler, Daniel",
      title          = "{Electromagnetic logarithms in $B \to X_s \ell^+ \ell^-$}",
      journal        = "Nucl.Phys.",
      volume         = "B740",
      pages          = "105-137",
      doi            = "10.1016/j.nuclphysb.2006.01.037",
      year           = "2006",
      eprint         = "hep-ph/0512066",
      archivePrefix  = "arXiv",
      primaryClass   = "hep-ph",
      reportNumber   = "ZU-TH-06-05, IFT-6-2005, FERMILAB-PUB-05-531-T",
      SLACcitation   = "%%CITATION = HEP-PH/0512066;%%",
}


@article{Imsong:2014oqa,
      author         = "Sentitemsu Imsong, I. and Khodjamirian, Alexander and
                        Mannel, Thomas and van Dyk, Danny",
      title          = "{Extrapolation and unitarity bounds for the $B \to \pi$ form
                        factor}",
      journal        = "JHEP",
      volume         = "02",
      year           = "2015",
      pages          = "126",
      doi            = "10.1007/JHEP02(2015)126",
      eprint         = "1409.7816",
      archivePrefix  = "arXiv",
      primaryClass   = "hep-ph",
      reportNumber   = "SI-HEP-2014-21, QFET-2014-14, EOS-2014-02",
      SLACcitation   = "%%CITATION = ARXIV:1409.7816;%%"
}


@article{Feldmann:2015xsa,
      author         = "Feldmann, Thorsten and MÃ¼ller, Bastian and van Dyk,
                        Danny",
      title          = "{Analyzing $b\to u$ transitions in semileptonic
                        $\bar{B}_s \to K^{*+}(\to K \pi)\ell^-\bar\nu_\ell$
                        decays}",
      journal        = "Phys. Rev.",
      volume         = "D92",
      year           = "2015",
      number         = "3",
      pages          = "034013",
      doi            = "10.1103/PhysRevD.92.034013",
      eprint         = "1503.09063",
      archivePrefix  = "arXiv",
      primaryClass   = "hep-ph",
      reportNumber   = "SI-HEP-2015-11, QFET-2015-12, EOS-2015-01",
      SLACcitation   = "%%CITATION = ARXIV:1503.09063;%%"
}


@article{Benson:2003kp,
      author         = "Benson, D and Bigi, I. I. and Mannel, T. and Uraltsev,
                        N.",
      title          = "{Imprecated, yet impeccable: On the theoretical
                        evaluation of Gamma(B ---> X(c) l nu)}",
      journal        = "Nucl. Phys.",
      volume         = "B665",
      year           = "2003",
      pages          = "367-401",
      doi            = "10.1016/S0550-3213(03)00452-8",
      eprint         = "hep-ph/0302262",
      archivePrefix  = "arXiv",
      primaryClass   = "hep-ph",
      reportNumber   = "BICOCCA-FT-03-5, TTP03-07, UND-HEP-02-BIG08",
      SLACcitation   = "%%CITATION = HEP-PH/0302262;%%"
}


@article{Bona:2006ah,
      author         = "Bona, M. and others",
      title          = "{The Unitarity Triangle Fit in the Standard Model and
                        Hadronic Parameters from Lattice QCD: A Reappraisal after
                        the Measurements of Delta m(s) and BR(B ---> tau
                        nu(tau))}",
      collaboration  = "UTfit",
      journal        = "JHEP",
      volume         = "10",
      year           = "2006",
      pages          = "081",
      doi            = "10.1088/1126-6708/2006/10/081",
      eprint         = "hep-ph/0606167",
      archivePrefix  = "arXiv",
      primaryClass   = "hep-ph",
      SLACcitation   = "%%CITATION = HEP-PH/0606167;%%"
}


@article{Ali:2002jg,
      author         = "Ali, A. and Lunghi, E. and Greub, C. and Hiller, G.",
      title          = "{Improved model independent analysis of semileptonic and
                        radiative rare $B$ decays}",
      journal        = "Phys. Rev.",
      volume         = "D66",
      year           = "2002",
      pages          = "034002",
      doi            = "10.1103/PhysRevD.66.034002",
      eprint         = "hep-ph/0112300",
      archivePrefix  = "arXiv",
      primaryClass   = "hep-ph",
      reportNumber   = "SLAC-PUB-9076, DESY-01-217, BUTP-01-21",
      SLACcitation   = "%%CITATION = HEP-PH/0112300;%%"
}


@article{Bobeth:2012vn,
      author         = "Bobeth, Christoph and Hiller, Gudrun and van Dyk, Danny",
      title          = "{General analysis of $\bar{B} \to \bar{K}^{(*)}\ell^+
                        \ell^-$  decays at low recoil}",
      journal        = "Phys. Rev.",
      volume         = "D87",
      year           = "2013",
      number         = "3",
      pages          = "034016",
      doi            = "10.1103/PhysRevD.87.034016",
      note           = "[Phys. Rev.D87,034016(2013)]",
      eprint         = "1212.2321",
      archivePrefix  = "arXiv",
      primaryClass   = "hep-ph",
      reportNumber   = "DO-TH-12-16, EOS-2012-02, SI-HEP-2012-21, QFET-2012-02",
      SLACcitation   = "%%CITATION = ARXIV:1212.2321;%%"
}


@article{Bobeth:1999mk,
      author         = "Bobeth, Christoph and Misiak, Mikolaj and Urban, Jorg",
      title          = "{Photonic penguins at two loops and $m_t$ dependence of
                        $BR[B \to  X_s l^+ l^-]$}",
      journal        = "Nucl. Phys.",
      volume         = "B574",
      year           = "2000",
      pages          = "291-330",
      doi            = "10.1016/S0550-3213(00)00007-9",
      eprint         = "hep-ph/9910220",
      archivePrefix  = "arXiv",
      primaryClass   = "hep-ph",
      reportNumber   = "TUM-HEP-329-98, IFT-16-98, CERN-TH-99-287",
      SLACcitation   = "%%CITATION = HEP-PH/9910220;%%"
}


