%% vim: set sts=4 et :

%%
%% Doc
%%
@misc{GIT,
      author         = "Junio C. Hamano, Shawn O. Pearce, Linus Torvalds and others",
      title          = "{GIT}",
      url            = "http://git-scm.com",
}

@misc{Minuit2,
      author         = "Lorenzo Moneta, Fred James, Matthias Winkler, Andras Zsenei",
      title          = "{Minuit2}",
      url            = "http://seal.web.cern.ch/seal/work-packages/mathlibs/minuit/release/relnotes2.html",
}

@misc{libpmc,
      author         = "Martin Kilbinger and others",
      title          = "{CosmoPMC}",
      url            = "http://www2.iap.fr/users/kilbinge/CosmoPMC/",
}

@misc{GSL,
      author         = "M. Galassi, J. Theiler and others",
      title          = "{GNU Scientific Library}",
      url            = "http://www.gnu.org/software/gsl/",
}

@misc{HDF5,
      author         = "{The HDF Group}",
      title          = "{The HDF5 library and data format}",
      url            = "https://www.hdfgroup.org/HDF5/",
}
@misc{Python,
      author         = "{The Python Software Foundation}",
      title          = "{Python Language Reference, version 2.7}",
      url            = "https://docs.python.org/2.7/",
}

%%
%% Statistics
%%
@article{Gelman:1992zz,
      author         = "Gelman, Andrew and Rubin, Donald B.",
      title          = "{Inference from Iterative Simulation Using Multiple
                        Sequences}",
      journal        = "Statist. Sci.",
      volume         = "7",
      year           = "1992",
      pages          = "457-472",
      doi            = "10.1214/ss/1177011136",
      SLACcitation   = "%%CITATION = STSCE,7,457;%%"
}
@unpublished{Crooks:2010,
      author         = "Crooks, Gavin E.",
      title          = "{The Amoroso Distribution}",
      year           = "2010",
      eprint         = "1005.3274",
      archivePrefix  = "arXiv",
      primaryClass   = "math.ST",
}
@phdthesis{Beaujean:2013,
      author    = "Beaujean, Frederik",
      title     = "A Bayesian analysis of rare B decays with advanced Monte Carlo methods",
      school    = "{Fakult\"at f\"ur Physik, Technische Universit\"at M\"unchen}",
      year      = "2012",
}


